@article {double-fetch-linux,
author = {Pengfei Wang and Jens Krinke and Kai Lu and Gen Li and Steve Dodier-Lazaro},
title = {How Double-Fetch Situations turn into Double-Fetch Vulnerabilities: A Study of Double Fetches in the Linux Kernel},
booktitle = {26th {USENIX} Security Symposium ({USENIX} Security 17)},
year = {2017},
address = {Vancouver, BC},
url = {https://www.usenix.org/conference/usenixsecurity17/technical-sessions/presentation/wang-pengfei},
publisher = {{USENIX} Association},
}

@misc{intelpaging,
  title={Chapter 4, "Paging" in the Intel 64 and IA-32 Architectures Software Developer's
Manual, Volume 3A},
  author={Intel Manual},
  year={2017}
}


@misc{intelinterrupt,
  title={Chapter 6, "INTERRUPT AND EXCEPTION HANDLING" in the Intel 64 and IA-32 Architectures Software Developer's
Manual, Volume 3A},
  author={Intel Manual},
  year={2017}
}

@misc{intelprotectedmode,
  title={Chapter 3, "PROTECTED-MODE MEMORY MANAGEMENT" in the Intel 64 and IA-32 Architectures Software Developer's
Manual, Volume 3A},
  author={Intel Manual},
  year={2017}
}

@article{jurczyk2013identifying,
  title={Identifying and exploiting windows kernel race conditions via memory access patterns},
  author={Jurczyk, Mateusz and Coldwind, Gynvael and others},
  year={2013}
}


@misc{ms08061,
  title={MS08-061 : The case of the kernel mode double-fetch},
  author={swiat},
  year={2008}
}

@article{probeforread,
  title={ProbeForRead routine},
  author={MSDN},
  year={2017},
  url={https://msdn.microsoft.com/en-us/library/windows/hardware/ff559876(v=vs.85).aspx}
}


@article {CVE-2016-3219,
title = {Windows: Custom Font Disable Policy Bypass},
year = {2016},
url = {https://bugs.chromium.org/p/project-zero/issues/detail?id=779},
}


@article {CVE-2016-3258,
title = {CVE-2016-3258},
year = {2016},
url = {http://www.cvedetails.com/cve/CVE-2016-3258/},
}

@article {CVE-2013-1278,
title = {CVE-2013-1278},
year = {2013},
url = {http://www.cve.mitre.org/cgi-bin/cvename.cgi?name=cve-2013-1278},
}

@article {CVE-2013-1277,
title = {CVE-2013-1277},
year = {2013},
url = {http://www.cve.mitre.org/cgi-bin/cvename.cgi?name=cve-2013-1277},
}

@article {CVE-2013-1254,
title = {CVE-2013-1254},
year = {2013},
url = {http://www.cve.mitre.org/cgi-bin/cvename.cgi?name=cve-2013-1254},
}


@article {CVE-2013-1250,
title = {CVE-2013-1250},
year = {2013},
url = {http://www.cve.mitre.org/cgi-bin/cvename.cgi?name=cve-2013-1250},
}


@article {CVE-2013-1248,
title = {CVE-2013-1248},
year = {2013},
url = {http://www.cve.mitre.org/cgi-bin/cvename.cgi?name=cve-2013-1248},
}

@article{evans2011scalablejemalloc,
  title={Scalable memory allocation using jemalloc},
  author={Evans, Jason},
  journal={Notes by Facebook Engineering},
  year={2011}
}

@misc{lea1996memorydlmalloc,
  title={A memory allocator},
  author={Lea, Doug and Gloger, Wolfram},
  year={1996}
}


@article{valasek2012windows8heap,
  title={Windows 8 heap internals},
  author={Valasek, Chris and Mandt, Tarjei},
  journal={Black Hat USA},
  year={2012}
}

@article {apc,
	title = {Asynchronous Procedure Calls},
	year = {2017},
	author={MSDN},
    url = {https://msdn.microsoft.com/en-us/library/windows/desktop/ms681951(v=vs.85).aspx}
}


@article {teb,
	title = {TEB structure},
	year = {2017},
	author={MSDN},
    url = {https://msdn.microsoft.com/en-us/library/windows/desktop/ms686708(v=vs.85).aspx}
}


@article{corbet2012supervisorsmap,
  title={Supervisor mode access prevention},
  author={Corbet, Jonathan},
  journal={LWN. net},
  year={2012}
}

@article{pan2017digtool,
  title={Digtool: A Virtualization-Based Framework for Detecting Kernel Vulnerabilities},
  author={Pan, Jianfeng and Yan, Guanglu and Fan, Xiaocao},
  booktitle={26th USENIX Security Symposium (USENIX Security 17)},
  year={2017},
  organization={USENIX Association}
}

@article{bishop1996checking,
  title={Checking for race conditions in file accesses},
  author={Bishop, Matt and Dilger, Michael and others},
  journal={Computing systems},
  volume={2},
  number={2},
  pages={131--152},
  year={1996}
}

@article{bishop1995race,
  title={Race conditions, files, and security flaws; or the tortoise and the hare redux},
  author={Bishop, Matt},
  journal={Technical Report CSE-95-98},
  year={1995}
}

@article{wei2005tocttou,
  title={TOCTTOU Vulnerabilities in UNIX-Style File Systems: An Anatomical Study.},
  author={Wei, Jinpeng and Pu, Calton},
  booktitle={FAST},
  volume={5},
  pages={12--12},
  year={2005}
}

@article{yang2012concurrency,
  title={Concurrency Attacks.},
  author={Yang, Junfeng and Cui, Ang and Stolfo, Salvatore J and Sethumadhavan, Simha},
  journal={HotPar},
  volume={12},
  pages={15},
  year={2012}
}

@article{watson2007exploiting,
  title={Exploiting Concurrency Vulnerabilities in System Call Wrappers.},
  author={Watson, Robert NM},
  journal={WOOT},
  volume={7},
  pages={1--8},
  year={2007}
}

@article{corbet2012linuxsmap,
  title={Supervisor mode access prevention},
  author={Corbet, Jonathan},
  journal={LWN. net},
  year={2012}
}

@article{lu2008learning,
  title={Learning from mistakes: a comprehensive study on real world concurrency bug characteristics},
  author={Lu, Shan and Park, Soyeon and Seo, Eunsoo and Zhou, Yuanyuan},
  booktitle={ACM Sigplan Notices},
  volume={43},
  number={3},
  pages={329--339},
  year={2008},
  organization={ACM}
}

@article{herlihy1993transactional,
  title={Transactional memory: Architectural support for lock-free data structures},
  author={Herlihy, Maurice and Moss, J Eliot B},
  volume={21},
  number={2},
  year={1993},
  publisher={ACM}
}

@article{gupta2008racetm,
  title={Racetm: Detecting data races using transactional memory},
  author={Gupta, Shantanu and Sultan, Florin and Cadambi, Srihari and Ivancic, Franjo and Roetteler, Martin},
  booktitle={Proceedings of the twentieth annual symposium on Parallelism in algorithms and architectures},
  pages={104--106},
  year={2008},
  organization={ACM}
}

@article{gupta2009using,
  title={Using hardware transactional memory for data race detection},
  author={Gupta, Shantanu and Sultan, Florin and Cadambi, Srihari and Ivancic, Franjo and Rotteler, Martin},
  booktitle={Parallel \& Distributed Processing, 2009. IPDPS 2009. IEEE International Symposium on},
  pages={1--11},
  year={2009},
  organization={IEEE}
}

@article{shavit1997software,
  title={Software transactional memory},
  author={Shavit, Nir and Touitou, Dan},
  journal={Distributed Computing},
  volume={10},
  number={2},
  pages={99--116},
  year={1997},
  publisher={Springer}
}

@article{erickson2010effective,
  title={Effective Data-Race Detection for the Kernel},
  author={Erickson, John and Musuvathi, Madanlal and Burckhardt, Sebastian and Olynyk, Kirk},
  booktitle={OSDI},
  volume={10},
  number={10},
  pages={1--16},
  year={2010}
}

@article{savage1997eraser,
  title={Eraser: A dynamic data race detector for multithreaded programs},
  author={Savage, Stefan and Burrows, Michael and Nelson, Greg and Sobalvarro, Patrick and Anderson, Thomas},
  journal={ACM Transactions on Computer Systems (TOCS)},
  volume={15},
  number={4},
  pages={391--411},
  year={1997},
  publisher={ACM}
}

@article{o2003hybrid,
  title={Hybrid dynamic data race detection},
  author={O'Callahan, Robert and Choi, Jong-Deok},
  booktitle={Acm Sigplan Notices},
  volume={38},
  number={10},
  pages={167--178},
  year={2003},
  organization={ACM}
}

@article{yu2005racetrack,
  title={Racetrack: efficient detection of data race conditions via adaptive tracking},
  author={Yu, Yuan and Rodeheffer, Tom and Chen, Wei},
  booktitle={ACM SIGOPS Operating Systems Review},
  volume={39},
  number={5},
  pages={221--234},
  year={2005},
  organization={ACM}
}

@article{bond2010pacer,
  title={PACER: proportional detection of data races},
  author={Bond, Michael D and Coons, Katherine E and McKinley, Kathryn S},
  booktitle={ACM Sigplan Notices},
  volume={45},
  number={6},
  pages={255--268},
  year={2010},
  organization={ACM}
}

@article{marino2009literace,
  title={LiteRace: effective sampling for lightweight data-race detection},
  author={Marino, Daniel and Musuvathi, Madanlal and Narayanasamy, Satish},
  booktitle={ACM Sigplan Notices},
  volume={44},
  number={6},
  pages={134--143},
  year={2009},
  organization={ACM}
}

@article{flanagan2009fasttrack,
  title={FastTrack: efficient and precise dynamic race detection},
  author={Flanagan, Cormac and Freund, Stephen N},
  booktitle={ACM Sigplan Notices},
  volume={44},
  number={6},
  pages={121--133},
  year={2009},
  organization={ACM}
}

@article{pozniansky2007multirace,
  title={MultiRace: efficient on-the-fly data race detection in multithreaded C++ programs},
  author={Pozniansky, Eli and Schuster, Assaf},
  journal={Concurrency and Computation: Practice and Experience},
  volume={19},
  number={3},
  pages={327--340},
  year={2007},
  publisher={Wiley Online Library}
}

@article{rajwar2012intel,
  title={Intel transactional synchronization extensions},
  author={Rajwar, Ravi and Dixon, Martin},
  booktitle={Intel Developer Forum San Francisco},
  volume={2012},
  year={2012}
}

@article{haring2012ibm,
  title={The ibm blue gene/q compute chip},
  author={Haring, Ruud and Ohmacht, Martin and Fox, Thomas and Gschwind, Michael and Satterfield, David and Sugavanam, Krishnan and Coteus, Paul and Heidelberger, Philip and Blumrich, Matthias and Wisniewski, Robert and others},
  journal={IEEE Micro},
  volume={32},
  number={2},
  pages={48--60},
  year={2012},
  publisher={IEEE}
}

@article{jacobi2012transactional,
  title={Transactional memory architecture and implementation for IBM System z},
  author={Jacobi, Christian and Slegel, Timothy and Greiner, Dan},
  booktitle={Microarchitecture (MICRO), 2012 45th Annual IEEE/ACM International Symposium on},
  pages={25--36},
  year={2012},
  organization={IEEE}
}

@article{click2009azul,
  title={Azul's experiences with hardware transactional memory},
  author={Click, Cliff},
  booktitle={HP Labs-Bay Area Workshop on Transactional Memory},
  volume={89},
  year={2009}
}

@article{dice2009early,
  title={Early experience with a commercial hardware transactional memory implementation},
  author={Dice, Dave and Lev, Yossi and Moir, Mark and Nussbaum, Dan and Olszewski, Marek},
  year={2009},
  publisher={Sun Microsystems, Inc.}
}

@article{zhang2016txrace,
  title={Txrace: Efficient data race detection using commodity hardware transactional memory},
  author={Zhang, Tong and Lee, Dongyoon and Jung, Changhee},
  booktitle={ACM SIGOPS Operating Systems Review},
  volume={50},
  number={2},
  pages={159--173},
  year={2016},
  organization={ACM}
}

@article{intelmanualchapter8,
  title={and IA-32 Architectures Software Developer’s Manual},
  author={Intel, Intel},
  journal={Volume 3A: System Programming Guide, Chapter 8,  Multiple-Processor Management},
  year={2019}
}

@article{msdnwatchdog,
  title={Bug Check 0x133 DPC\_WATCHDOG\_VIOLATION},
  author={MSDN},
  year={2017},
  url={https://docs.microsoft.com/en-us/windows-hardware/drivers/debugger/bug-check-0x133-dpc-watchdog-violation}
}


@misc{lawton2003bochs,
  title={Bochs: The open source IA-32 emulation project},
  author={Lawton, Kevin},
  year={2003}
}


@article{bochspwnreloaded,
  title={Bochspwn Reloaded: Detecting Kernel Memory Disclosure with x86 Emulation and Taint Tracking},
  author={Mateusz Jurczyk},
  journal={Black Hat USA},
  year={2017}
}


@article{installxpskylake,
  title={How to install Windows XP on a 2016 Skylake Asus Z170-A motherboard},
  author={MSDN},
  year={2016},
  url={http://www.overclockers.com/forums/showthread.php/774554-How-to-install-Windows-XP-on-a-2016-Skylake-Asus-\\Z170-A-motherboard}
}

@article{kestor2014trex,
  title={T-Rex: A dynamic race detection tool for c/c++ transactional memory applications},
  author={Kestor, Gokcen and Unsal, Osman S and Cristal, Adrian and Tasiran, Serdar},
  booktitle={Proceedings of the Ninth European Conference on Computer Systems},
  pages={20},
  year={2014},
  organization={ACM}
}


@article{dean2004fixing,
    title={Fixing Races for Fun and Profit: How to Use access (2).},
    author={Dean, Drew and Hu, Alan J},
    booktitle={USENIX Security Symposium},
    pages={195--206},
    year={2004}
}

@article{borisov2005fixing,
    title={Fixing Races for Fun and Profit: How to Abuse atime.},
    author={Borisov, Nikita and Johnson, Robert and Sastry, Naveen and Wagner, David},
    booktitle={USENIX Security Symposium},
    year={2005}
}


@misc{howtohide,
    title={How to hide a hook: A hypervisor for rootkits, Phrack 69},
    author={uty, Saman},
    year={2016}
}


@inproceedings{winter2011hijacker,
	title={A Hijacker’s Guide to the LPC Bus},
	author={Winter, Johannes and Dietrich, Kurt},
	booktitle={European Public Key Infrastructure Workshop},
	pages={176--193},
	year={2011},
	organization={Springer}
}

@misc{tpmgenie,
  title={TPM Genie Attacking the Hardware Root of Trust For Less Than \$50},
  author={Jeremy Boone},
  booktitle={Cansecwest 2018},
  year={2018}
}

@article{robertson2018big,
	title={The big hack: how china used a tiny chip to infiltrate US companies},
	author={Robertson, Jordan and Riley, Michael},
	journal={Bloomberg Businessweek},
	volume={4},
	year={2018}
}
